2396 3918
163 248 208 314 68
364 243 478 303 xm
508 239 783 306 sanemus.
802 239 831 300 4.
851 237 880 301 ὅ.

164 395 508 482 lpnmregemaslesiri,
534 393 1108 466 mtimeldamcveniteplsornmmis-

110 491 117 498 '
161 507 209 556 sn,
220 489 331 544 bellam
343 483 525 541 Athenienses
538 487 567 538 et
577 481 712 538 lleactica
723 481 854 537 infirmae
867 481 1108 548 lacedaemoniisr

137 581 253 646 zqnare
262 573 363 627 uenire
376 589 411 625 ne
427 569 629 623 dubitaretis
644 568 700 622 noc
715 585 771 622 nan
784 567 875 622 minna
891 567 950 622 eius
959 567 1049 636 pletas
1060 583 1109 622 su-

161 659 306 730 spicienda
320 663 371 722 est,
391 671 477 726 quens
488 653 578 708 sistus
592 652 711 707 bellicae
732 654 791 722 qui,
812 663 898 722 quum
909 652 1012 708 ιίιιιιί
1025 669 1110 722 prae-

52 735 55 740 ’
161 749 240 800 esset
255 741 390 798 exercitui
410 730 614 807 maximamque
629 737 750 792 lsabmet
765 737 897 793 illudam
912 737 993 810 regni
1005 737 1113 802 Persa,

162 847 230 886 ram
244 825 381 898 potiundi,
394 829 471 880 tanta
483 823 620 878 molestia
634 821 709 878 ‹liote
724 824 840 880 antliam
853 823 907 879 init
916 821 997 878 iussis
1007 823 1110 877 absen-
1165 831 1169 834 ·

158 915 237 970 tium
251 911 480 984 magistratuum,
500 913 532 963 nt
546 909 570 962 si
585 907 708 978 priuatus
721 907 751 964 in
766 907 879 964 comitio
894 913 968 962 esset
981 897 1122 977 Spartaa'

165 999 252 1055 cuius
267 997 426 1066 exemplam
438 993 545 1050 utinam
556 991 737 1064 imperatores
750 995 838 1050 ιιιιιί
851 993 930 1062 sequi
940 991 1108 1048 volnissent!

137 1081 223 1141 sssel
237 1083 307 1138 illuc
321 1083 475 1136 redeamus.
505 1080 652 1151 Agesilaus
667 1079 876 1148 opulentissime
888 1095 976 1150 regno
985 1083 1109 1152 praepo-

160 1169 223 1225 suit
235 1169 338 1224 bouem
352 1165 584 1222 existimationem
598 1165 745 1233 multoque
760 1164 909 1236 gloriosius
925 1163 1012 1230 drmit,
1026 1163 1051 1216 si
1063 1163 1109 1216 in·
1181 1181 1197 1194 ·=

104 1270 107 1276 ’
166 1254 269 1310 ιιὶιιιίι
288 1251 395 1322 patriae
414 1250 566 1322 paruisset,
594 1265 680 1319 quam
700 1249 725 1304 si
739 1249 817 1305 bello
833 1253 989 1318 superasset
1002 1245 1108 1314 Asiam.

105 1331 228 1454 ³⁹⁵illue
240 1337 327 1408 igitur
337 1341 431 1398 mente
439 1336 655 1404 Hellespontum
671 1333 764 1404 copias
779 1334 888 1390 tralecit
899 1339 1037 1402 tanteqn'e
1040 1344 1109 1387 usna

81 1457 136 1505 ιο
143 1473 165 1504 n.
105 1407 210 1479 ³⁹⁵est
225 1421 384 1487 celeritate,
404 1427 454 1486 ut,
476 1421 550 1488 qnosl
564 1420 618 1474 iter
631 1421 737 1473 Xerxes
750 1435 822 1475 anuo
837 1423 961 1474 vertente
978 1419 1108 1472 coniece-

137 1515 224 1575 5ret,
245 1507 292 1561 hie
308 1503 575 1575 transieritiriginta
588 1503 695 1560 tliebns.
723 1505 840 1573 anm'
830 1521 888 1558 ram
901 1503 976 1556 hand
989 1502 1029 1557 ita
1042 1504 1108 1557 lon-

166 1609 204 1666 ge
218 1593 329 1647 abesset
342 1590 571 1660 al’eloponneso,
585 1588 759 1644 obsistere·
733 1607 761 1643 es
775 1589 868 1644 conati
882 1591 946 1643 sunt
955 1587 1107 1642 Athenien·

166 1695 211 1732 ses
225 1681 254 1734 et
266 1675 378 1731 Boeotii
391 1674 532 1743 ceterique
547 1670 645 1728 eornm
660 1673 739 1740 socii,
760 1675 834 1744 apnsl
850 1675 1020 1729 Coroneam:
1035 1689 1107 1742 qnos

136 1767 262 1824 oomues
277 1761 357 1834 gravi
371 1759 481 1834 proelio
496 1757 571 1814 vicit.
600 1757 694 1813 linias
708 1759 844 1814 victoriae
859 1761 905 1814 ‘vel
918 1759 1040 1813 ιιιιιιιίιιιι
1051 1757 1108 1814 luit

84 1905 98 1912 ,
165 1849 236 1913 leus,
251 1847 335 1916 qnod,
347 1859 435 1915 quum
450 1845 578 1914 plerique
595 1861 629 1898 ex
643 1845 712 1922 luga
727 1844 799 1902 sein
813 1845 950 1914 templum
962 1843 1123 1898 Minervae

165 1931 346 1988 coniecissent
359 1935 594 2002 quaerereturque
608 1931 644 1984 ab
660 1947 704 1997 ee,
724 1930 791 2000 qnid
806 1929 850 1984 luis
866 1929 930 1984 fieri
944 1930 1042 1994 vellet,
1064 1931 1107 1983 et·

164 2017 190 2072 si
203 2017 311 2085 aliquot
326 2017 443 2070 vulnera
464 2020 609 2085 acceperat
630 2033 665 2069 ec
687 2015 796 2085 proelio
818 2021 847 2070 et
860 2015 946 2088 iratus
959 2013 1108 2069 ridebatur

165 2102 311 2166 omnihus,
331 2100 525 2169 quiadversus
542 2115 621 2152 erma
638 2101 775 2167 tulerant,
796 2105 890 2156 temen
904 2092 1036 2164 antetulit
1046 2098 1106 2154 irae

136 2185 332 2257 'treligioneus
347 2189 376 2241 et
389 2201 438 2238 eos
451 2183 540 2238 vetnit
552 2183 661 2238 molari.
703 2184 801 2254 Neque
815 2203 882 2240 vcro
898 2187 953 2240 lsoc
968 2185 1061 2238 aalnsn
1075 2183 1106 2240 its

28 2277 31 2282 '
165 2269 284 2328 Graecia
297 2269 381 2337 lecit,
389 2276 436 2325 ιι
447 2269 553 2340 templa
568 2269 685 2324 oleorum
697 2275 792 2326 sancta
805 2271 936 2336 haberet,
954 2265 1106 2323 sedetiam

80 2381 83 2389 ·
161 2357 239 2427 apul
261 2356 396 2413 barbam
416 2370 525 2410 summa
545 2354 684 2426 religione
705 2356 798 2411 omnia
815 2355 965 2410 simnlacra
987 2369 1140 2424 erasque
1195 2349 1197 2404 l

54 2481 61 2500 .
137 2440 347 2506 econserruvit.
381 2440 683 2511 ltaqnepreetlicalsat,
703 2439 800 2496 mirari
814 2457 860 2507 se,
881 2458 937 2494 uon
951 2438 1106 2512 sacrilego-

165 2544 230 2581 rum
243 2541 360 2580 numero
375 2525 483 2592 haberi,
503 2541 552 2598 qur
542 2523 735 2594 supplicibus
749 2543 847 2580 eorum
862 2524 1034 2590 nocuissent,
1055 2527 1105 2580 ant
1194 2529 1197 2604 ι

84 2681 88 2690 ¹
164 2627 222 2666 non
243 2609 418 2683 gravioribus
438 2611 535 2680 poenis
563 2609 654 2679 effici,
682 2609 732 2681 qni
751 2609 918 2708 religienem
937 2609 1142 2704 minuerent,

158 2711 249 2765 quam
264 2713 312 2764 an
302 2696 394 2750 luna
402 2696 563 2766 spoliarent.

77 2832 80 2838 .
105 2789 158 2848 v
230 2781 363 2835 Posthac
377 2779 517 2850 proelium
531 2781 667 2836 collatum
681 2785 724 2835 est
737 2797 819 2835 omne
833 2779 942 2852 bellum
956 2777 1032 2834 circe
1046 2779 1105 2836 00·-
1194 2787 1196 2810 ²

135 2861 289 2930 zrintlrnm
301 2865 420 2935 ideoque
435 2865 611 2920 oormtlnum
623 2872 666 2921 est
677 2869 856 2937 appellatum
877 2865 933 2920 liic
944 2881 1033 2968 quum
1046 2869 1104 2923 ιιι
1184 2863 1196 2904 ·:

39 2969 43 2973 ’
101 2949 143 3008 ιιι
164 2967 260 3023 pugne
273 2952 371 3005 decem
386 2950 465 3006 milia
479 2949 601 3006 lsastinm
603 2951 754 3024 ,Agesilao
769 2953 849 3018 duee,
870 2946 1042 3028 cecidissent,
1052 2967 1104 3006 eo·
1176 3001 1183 3012 ,

22 3075 31 3090 .
80 3033 163 3082 all
127 3045 220 3104 nque
230 3037 306 3092 lacte
322 3052 389 3112 opes
404 3032 625 3092 adversariorum
635 3037 795 3092 slebrlstatae
805 3037 978 3092 viderentur
993 3023 1103 3090 tantum
1195 3087 1196 3092 ,

165 3121 255 3176 abluit
270 3123 306 3175 ub
321 3119 469 3177 insolentia
488 3123 613 3194 gloriae,
638 3129 673 3181 nt
687 3123 894 3192 commiscentes
909 3121 945 3176 eit
960 3123 1103 3176 torturam
1193 3143 1196 3170 ι

165 3204 310 3272 Graeciae,
323 3206 466 3276 quesitam
480 3207 632 3263 multiase
647 3207 714 3263 victi
724 3203 791 3284 sntio
803 3207 1024 3262 adversariorum
1035 3221 1114 3278 cong
1149 3263 1155 3268 ,
1193 3199 1195 3238 ³

166 3289 309 3357 eidismt3
324 3309 443 3362 namque
458 3292 508 3348 illa
520 3293 708 3360 multitudine,
722 3293 746 3348 si
761 3309 828 3348 sana
841 3306 919 3347 mens
932 3291 1110 3346 ιιιιιῐέιιι-Ι
1193 3269 1195 3318 i

135 3373 233 3442 Reice,
248 3377 415 3447 supplicium
427 3377 527 3433 Persas
541 3379 608 3434 slare
623 3379 755 3450 potuisse.
776 3379 855 3434 Item
871 3395 957 3447 quum
971 3377 1104 3431 alvern-
1193 3377 1195 3426 ἶ

80 3553 82 3558 Ι
160 3459 219 3516 rios
232 3460 430 3519 intramnenia
440 3464 674 3534 compulissent,
689 3469 721 3522 nt
735 3463 901 3521 ὒοιίιιιιιιι
917 3466 1105 3535 oppugnaret,
1193 3451 1195 3482 ³
